
@online{noauthor_cisco_nodate,
	title = {Cisco Transceiver Modules - Cisco 10GBASE Dense Wavelength-Division Multiplexing {SFP}+ Modules Data Sheet},
	url = {https://www.cisco.com/c/en/us/products/collateral/interfaces-modules/dwdm-transceiver-modules/data_sheet_c78-711186.html},
	abstract = {Use Dense Wavelength-Division Multiplexing ({DWDM}) {SFP}+ modules to integrate {WDM} transport directly into your Cisco 10 Gigabit Ethernet switches and routers.},
	titleaddon = {Cisco},
	urldate = {2023-11-23},
	langid = {english},
	file = {Snapshot:C\:\\Users\\fercl\\Zotero\\storage\\2LKPJRBG\\data_sheet_c78-711186.html:text/html},
}

@article{noauthor_seven_nodate,
	title = {Seven Steps to Navigating {WDM}},
	langid = {english},
	file = {Seven Steps to Navigating WDM.pdf:C\:\\Users\\fercl\\Zotero\\storage\\JCPA6YK9\\Seven Steps to Navigating WDM.pdf:application/pdf},
}

@article{noauthor_dense_nodate,
	title = {Dense Wavelength Division Multiplexing ({DWDM})},
	langid = {english},
	file = {Dense Wavelength Division Multiplexing (DWDM).pdf:C\:\\Users\\fercl\\Zotero\\storage\\23K8P326\\Dense Wavelength Division Multiplexing (DWDM).pdf:application/pdf},
}

@online{noauthor_cisco_nodate-1,
	title = {Cisco {ONS} 15454 {DWDM} Engineering and Planning Guide, Release 7.x - Chapter 1, {DWDM} Overview [Cisco {ONS} 15454 M12 Multiservice Transport Platform ({MSTP})]},
	url = {https://www.cisco.com/c/en/us/td/docs/optical/15000r7_0/dwdm/planning/guide/70epg/d7ovw.html},
	abstract = {Chapter 1, {DWDM} Overview},
	titleaddon = {Cisco},
	urldate = {2023-11-23},
	langid = {english},
	file = {Snapshot:C\:\\Users\\fercl\\Zotero\\storage\\APUCY6U7\\d7ovw.html:text/html},
}

@online{noauthor_cisco_2022,
	title = {Cisco {ONS} 15216 4-Channel Optical Add/Drop Multiplexers Data Sheet},
	rights = {Cisco},
	url = {https://www.cisco.com/c/en/us/products/collateral/optical-networking/ons-15200-series-dwdm-systems/ons-15216-4-channel-optical-multiplexers-ds.html},
	shorttitle = {{ONS}15216 datasheet},
	titleaddon = {Cisco},
	urldate = {2023-11-23},
	date = {2022-07-26},
}

@online{noauthor_wave_nodate,
	title = {Wave length bands},
	url = {https://www.rfwireless-world.com/Terminology/optical-fibre-wavelength-bands.html},
	titleaddon = {Rfwireless},
	type = {Profesional},
	urldate = {2023-11-30},
}

@online{noauthor_gofoton_nodate,
	title = {Go!Foton {PEACOC} {DWDM}  Data Sheet},
	url = {https://www.gofoton.com/wp-content/uploads/2022/03/FleT_DWDM_100G-Datasheet-1.pdf},
	titleaddon = {Go!Foton},
	urldate = {2023-11-23},
	file = {FleT_DWDM_100G-Datasheet-1.pdf:C\:\\Users\\fercl\\Zotero\\storage\\GZ7TD8R9\\FleT_DWDM_100G-Datasheet-1.pdf:application/pdf},
}

@misc{noauthor_g6942_2003,
	title = {G.694.2 : Spectral grids for {WDM} applications: {CWDM} wavelength grid},
	url = {https://www.itu.int/rec/T-REC-G.694.2-200312-I/en},
	urldate = {2023-12-01},
	date = {2003-12},
	file = {G.694.2 \: Spectral grids for WDM applications\: CWDM wavelength grid:C\:\\Users\\fercl\\Zotero\\storage\\9B4FW63Y\\en.html:text/html},
}

@online{noauthor_dwdmcwdm_2018,
	title = {{DWDM}/{CWDM} Wavelength {ITU} Channels Guide {\textbar} {FS} Community},
	url = {https://community.fs.com:7003/blog/cwdmdwdm-itu-channels-guide.html},
	abstract = {A reference guide of {DWDM} wavelength and {CWDM} wavelength {ITU} channels. {DWDM} and {CWDM} enable carriers to deliver more services over their existing fiber infrastructure by combining multiple wavelengths on a single fiber.},
	titleaddon = {Blog},
	urldate = {2023-12-01},
	date = {2018-07-12},
	langid = {english},
	file = {Snapshot:C\:\\Users\\fercl\\Zotero\\storage\\EJPS8JU9\\cwdmdwdm-itu-channels-guide.html:text/html},
}

@misc{noauthor_4ch_nodate,
	title = {4ch Dual Fiber 1270-1330nm Low Insertion loss {CWDM} Mux Demux Datasheet},
	url = {https://resource.fs.com/mall/doc/202308091141231xkopm.pdf},
	urldate = {2023-12-01},
	file = {202308091141231xkopm.pdf:C\:\\Users\\fercl\\Zotero\\storage\\7AXJSTF4\\202308091141231xkopm.pdf:application/pdf},
}

@online{noauthor_cisco_nodate-2,
	title = {Cisco {ONS} 15216 8-Channel {CWDM} Multiplexer/Demultiplexer Data Sheet},
	url = {https://www.cisco.com/c/en/us/products/collateral/optical-networking/ons-15200-series-dwdm-systems/datasheet_c78-720169.html},
	abstract = {The Multiplexer/Demultiplexer is a passive unit that combines {CWDM} wavelengths in the transmit direction and separates a composite signal in the receive direction.},
	titleaddon = {Cisco},
	urldate = {2023-12-01},
	langid = {english},
	file = {Snapshot:C\:\\Users\\fercl\\Zotero\\storage\\9SQMPMUL\\datasheet_c78-720169.html:text/html},
}

@misc{noauthor_gofoton_nodate-1,
	title = {Go!Foton {PEACOC} {CWDM} Data Sheet},
	url = {https://www.gofoton.com/wp-content/uploads/2023/09/FleT_CWDM-Datasheet-1.pdf},
	urldate = {2023-12-01},
	file = {FleT_CWDM-Datasheet-1.pdf:C\:\\Users\\fercl\\Zotero\\storage\\RUAXC7BW\\FleT_CWDM-Datasheet-1.pdf:application/pdf},
}

@online{noauthor_glossary_2015,
	title = {Glossary of Terms Used in {WDM} Technology},
	url = {https://www.commscope.com/globalassets/digizuite/2633-glossary-of-terms-used-wdm-an-111119-en.pdf},
	type = {{CommScope}},
	date = {2015-11},
	langid = {english},
	file = {Glossary of Terms Used in WDM Technology.pdf:C\:\\Users\\fercl\\Zotero\\storage\\WKP667UM\\Glossary of Terms Used in WDM Technology.pdf:application/pdf},
}

@online{noauthor_definitions_nodate,
	title = {Definitions {\textbar} {OEM} Optical Communication Solutions {\textbar} Corning},
	url = {https://www.corning.com/oem-solutions/worldwide/en/home/resources-support/definitions.html},
	abstract = {Filter devices are complex optical assemblies. To help our customers fully understand our specifications, we have listed our terms and definitions. It is important to understand how parts are specified in order to compare performances between manufacturers.},
	urldate = {2023-12-05},
	langid = {english},
	file = {Snapshot:C\:\\Users\\fercl\\Zotero\\storage\\RJNUYSY6\\definitions.html:text/html},
}

@online{noauthor_introduction_nodate,
	title = {Introduction to Polarization},
	url = {https://www.edmundoptics.com/knowledge-center/application-notes/optics/introduction-to-polarization/},
	abstract = {Is polarization a new topic for you? Learn about key terminology, types, and more information to help you understand polarization at Edmund Optics.},
	urldate = {2023-12-05},
	langid = {english},
	file = {Snapshot:C\:\\Users\\fercl\\Zotero\\storage\\F77WAJWR\\introduction-to-polarization.html:text/html},
}

@online{consulting_polarization_nodate,
	title = {Polarization Mode Dispersion: Concepts and Measurement},
	url = {https://www.photonics.com/Articles/Polarization_Mode_Dispersion_Concepts_and/a25153},
	shorttitle = {Polarization Mode Dispersion},
	abstract = {There are three fundamentally different dispersive phenomena in optical fiber, of which polarization mode dispersion ({PMD}) is the most complex. In dig},
	author = {Consulting, Fiber Optic Measurement Training and, Paul Hernday},
	urldate = {2023-12-05},
	file = {Snapshot:C\:\\Users\\fercl\\Zotero\\storage\\6KZVHU66\\a25153.html:text/html},
}

@online{paschotta_chromatic_nodate,
	title = {Chromatic dispersion},
	url = {https://www.rp-photonics.com/chromatic_dispersion.html},
	abstract = {Chromatic dispersion is the frequency dependence of the phase velocity in a transparent medium. It can lead to wavelength-dependent group velocities of light pulses, for example.},
	author = {Paschotta, Dr Rüdiger},
	urldate = {2023-12-05},
	langid = {english},
	file = {Snapshot:C\:\\Users\\fercl\\Zotero\\storage\\R5N24BSS\\chromatic_dispersion.html:text/html},
}
